<record><leader>00000cas a2200000 a 4500</leader><controlfield tag="001">24774250</controlfield><controlfield tag="008">911113d19891995iludn ne      0   a0eng c</controlfield><datafield ind1=" " ind2=" " tag="010"><subfield code="a">sn 91003758 </subfield></datafield><datafield ind1=" " ind2=" " tag="040"><subfield code="a">NSD</subfield><subfield code="b">eng</subfield><subfield code="c">NSD</subfield><subfield code="d">NVF</subfield><subfield code="d">OCLCQ</subfield><subfield code="d">NSD</subfield><subfield code="d">NVF</subfield><subfield code="d">OCLCQ</subfield><subfield code="d">NVF</subfield><subfield code="d">OCLCF</subfield><subfield code="d">OCLCO</subfield></datafield><datafield ind1=" " ind2=" " tag="012"><subfield code="m">1</subfield></datafield><datafield ind1="1" ind2=" " tag="022"><subfield code="a">1059-8162</subfield><subfield code="l">1059-8162</subfield><subfield code="2">1</subfield></datafield><datafield ind1="1" ind2=" " tag="029"><subfield code="a">AU@</subfield><subfield code="b">000025866473</subfield></datafield><datafield ind1=" " ind2=" " tag="032"><subfield code="a">098600</subfield><subfield code="b">USPS</subfield></datafield><datafield ind1=" " ind2=" " tag="037"><subfield code="b">Sentinel, 232 E. Broadway, Box 627, Centralia, IL 62801-0627</subfield></datafield><datafield ind1=" " ind2=" " tag="042"><subfield code="a">nsdp</subfield><subfield code="a">pcc</subfield></datafield><datafield ind1=" " ind2=" " tag="043"><subfield code="a">n-us-il</subfield></datafield><datafield ind1="0" ind2=" " tag="130"><subfield code="a">Centralia sentinel (Centralia, Ill. : 1989)</subfield></datafield><datafield ind1=" " ind2="0" tag="222"><subfield code="a">Centralia sentinel</subfield></datafield><datafield ind1="1" ind2="0" tag="245"><subfield code="a">Centralia sentinel.</subfield></datafield><datafield ind1="1" ind2=" " tag="246"><subfield code="i">Published on Sundays as:</subfield><subfield code="a">Sunday sentinel</subfield><subfield code="f">1989-Sept. 1, 1991</subfield></datafield><datafield ind1=" " ind2=" " tag="260"><subfield code="a">Centralia, Ill. :</subfield><subfield code="b">Marietta Broughton,</subfield><subfield code="c">1989-1995.</subfield></datafield><datafield ind1=" " ind2=" " tag="300"><subfield code="a">v.</subfield></datafield><datafield ind1=" " ind2=" " tag="310"><subfield code="a">Daily (except Saturday)</subfield></datafield><datafield ind1="0" ind2=" " tag="362"><subfield code="a">126th year, v. 106, no. 21 (Apr. 4, 1989)-132nd year, v. 112, no. 90 (June 25, 1995).</subfield></datafield><datafield ind1=" " ind2=" " tag="515"><subfield code="a">Continues the volume numbering of Centralia evening sentinel.</subfield></datafield><datafield ind1=" " ind2="0" tag="651"><subfield code="a">Centralia (Ill.)</subfield><subfield code="v">Newspapers.</subfield></datafield><datafield ind1=" " ind2="7" tag="655"><subfield code="a">Newspapers.</subfield><subfield code="2">fast</subfield><subfield code="0">(OCoLC)fst01423814</subfield></datafield><datafield ind1=" " ind2="7" tag="651"><subfield code="a">Illinois</subfield><subfield code="z">Centralia.</subfield><subfield code="2">fast</subfield><subfield code="0">(OCoLC)fst01217730</subfield></datafield><datafield ind1=" " ind2=" " tag="752"><subfield code="a">United States</subfield><subfield code="b">Illinois</subfield><subfield code="c">Marion</subfield><subfield code="d">Centralia.</subfield></datafield><datafield ind1="0" ind2="0" tag="780"><subfield code="t">Centralia evening sentinel</subfield><subfield code="w">(DLC)sn 82015422</subfield><subfield code="w">(OCoLC)8807913</subfield></datafield><datafield ind1="0" ind2="0" tag="785"><subfield code="t">Centralia morning sentinel</subfield><subfield code="w">(DLC)sn 96071123</subfield><subfield code="w">(OCoLC)36002854</subfield></datafield></record>